<?xml version="1.0" encoding="UTF-8"?><record xmlns="http://www.loc.gov/MARC21/slim" xmlns:cinclude="http://apache.org/cocoon/include/1.0" xmlns:zs="http://www.loc.gov/zing/srw/">
  <leader>00509cz  a2200133n  4500</leader>
  <controlfield tag="001">n  85087710 </controlfield>
  <controlfield tag="003">DLC</controlfield>
  <controlfield tag="005">20080623075739.0</controlfield>
  <controlfield tag="008">850424n| acannaabn          |n ana      </controlfield>
  <datafield tag="010" ind1=" " ind2=" ">
    <subfield code="a">n  85087710 </subfield>
  </datafield>
  <datafield tag="035" ind1=" " ind2=" ">
    <subfield code="a">(OCoLC)oca01321735</subfield>
  </datafield>
  <datafield tag="040" ind1=" " ind2=" ">
    <subfield code="a">DGPO</subfield>
    <subfield code="b">eng</subfield>
    <subfield code="c">DLC</subfield>
    <subfield code="d">OCoLC</subfield>
  </datafield>
  <datafield tag="110" ind1="2" ind2=" ">
    <subfield code="a">Turner-Fairbank Highway Research Center.</subfield>
    <subfield code="b">Systems Technology Division</subfield>
  </datafield>
  <datafield tag="670" ind1=" " ind2=" ">
    <subfield code="a">Gordon, D.A. Night visibility of overhead ... 1984:</subfield>
    <subfield code="b">tech. rept. doc. p. (Systems Technology Division, Turner-Fairbank Highway Research Center, McLean, VA)</subfield>
  </datafield>
</record>